<?xml version="1.0" encoding="UTF-8"?><collection xmlns="http://www.loc.gov/MARC21/slim"><record><leader>00350nam--2200133-i-4500</leader><controlfield tag="001">000041669</controlfield><controlfield tag="002">20161230</controlfield><controlfield tag="005">20161230201043</controlfield><controlfield tag="008">060222s1000------------r-----000-0-eng-d</controlfield><datafield ind1=" " ind2=" " tag="080"><subfield code="a">530.145.6</subfield></datafield><datafield ind1=" " ind2=" " tag="100"><subfield code="a">Simons,S</subfield></datafield><datafield ind1=" " ind2=" " tag="245"><subfield code="a">Introduction to the principles of quantum mechanics</subfield></datafield><datafield ind1=" " ind2=" " tag="260"><subfield code="a">London, Logos Press Limited, 1968. Vi+116 P</subfield></datafield><datafield ind1=" " ind2=" " tag="852"><subfield code="a">33078</subfield></datafield></record></collection>